@article{schweinsberg2009loop,
	title={The loop-erased random walk and the uniform spanning tree on the four-dimensional discrete torus},
	author={Schweinsberg, Jason},
	journal={Probability Theory and Related Fields},
	volume={144},
	number={3-4},
	pages={319-370},
	year={2009},
	publisher={Springer}
},
@article{dollapplications,
	title={Applications of Random Walks in Tor},
	author={Doll, Aaron}
},
@book{lawler2010,
	title={Random Walk: A Modern Introduction},
	author={Lawler, G.F. and Limic, V.},
	isbn={9781139488761},
	series={Cambridge Studies in Advanced Mathematics},
	url={https://books.google.co.uk/books?id=UBQdwAZDeOEC},
	year={2010},
	publisher={Cambridge University Press}
},
@book{klafter2011,
	title={First Steps in Random Walks: From Tools to Applications},
	author={Klafter, J. and Sokolov, I.M.},
	isbn={9780199234868},
	lccn={2011023454},
	year={2011},
	publisher={OUP Oxford}
},
@book{Durrett2010,
	author = {Durrett, Rick},
	booktitle = {Biometrics},
	doi = {10.2307/2532227},
	isbn = {0534424414},
	issn = {0006341X},
	number = {3},
	pages = {497},
	pmid = {16156020},
	title = {{Probability: Theory and Examples Rick Durrett January 29, 2010}},
	url = {http://books.google.com/books?id=NPYYAQAAIAAJ},
	volume = {49},
	year = {2010}
},
@book{Redner2002,
	author = {Redner, Sidney and Dorfman, J. R.},
	booktitle = {American Journal of Physics},
	doi = {10.1119/1.1509421},
	isbn = {0521652480},
	issn = {00029505},
	number = {11},
	pages = {1166},
	title = {{A Guide to First-Passage Processes}},
	volume = {70},
	year = {2002}
},
@misc{DPscopy2016,
	author={Docs.python.org},
	title={8.17 copy Shallow and deep copy operations Python 2.7.11 documentation},
	url={https://docs.python.org/2/library/copy.html},
	year={2016}
}
